@article{Shuryak:2008eq,
    author = "Shuryak, Edward",
    title = "{Physics of Strongly coupled Quark-Gluon Plasma}",
    eprint = "0807.3033",
    archivePrefix = "arXiv",
    primaryClass = "hep-ph",
    doi = "10.1016/j.ppnp.2008.09.001",
    journal = "Prog. Part. Nucl. Phys.",
    volume = "62",
    pages = "48--101",
    year = "2009"
}


@article{Kovtun:2004de,
      author         = "Kovtun, P. and Son, Dan T. and Starinets, Andrei O.",
      title          = "{Viscosity in strongly interacting quantum field theories
                        from black hole physics}",
      journal        = "Phys. Rev. Lett.",
      volume         = "94",
      year           = "2005",
      pages          = "111601",
      doi            = "10.1103/PhysRevLett.94.111601",
      eprint         = "hep-th/0405231",
      archivePrefix  = "arXiv",
      primaryClass   = "hep-th",
      reportNumber   = "INT-PUB-04-09, UW-PT-04-04",
      SLACcitation   = "%%CITATION = HEP-TH/0405231;%%"
}

% ALICE while paper
@article{ALICE:2022wpn,
    author = "Acharya, Shreyasi and others",
    collaboration = "ALICE",
    title = "{The ALICE experiment: a journey through QCD}",
    eprint = "2211.04384",
    archivePrefix = "arXiv",
    primaryClass = "nucl-ex",
    reportNumber = "CERN-EP-2022-227",
    doi = "10.1140/epjc/s10052-024-12935-y",
    journal = "Eur. Phys. J. C",
    volume = "84",
    number = "8",
    pages = "813",
    year = "2024"
}

@misc{Akiba:2015jwa,
    author = "Akiba, Yasuyuki and others",
    title = "{The Hot QCD White Paper: Exploring the Phases of QCD at RHIC and the LHC}",
    eprint = "1502.02730",
    archivePrefix = "arXiv",
    primaryClass = "nucl-ex",
    howpublished = "arXiv:1502.02730 [nucl-ex]",
    month = "2",
    year = "2015"
}
%%RHIC White papers
@article{Adams:2005dq,
	title        = {{Experimental and theoretical challenges in the search for the quark gluon plasma: The STAR Collaboration's critical assessment of the evidence from RHIC collisions}},
	author       = {Adams, John and others},
	year         = 2005,
	journal      = {Nucl. Phys.},
	volume       = {A757},
	pages        = {102--183},
	doi          = {10.1016/j.nuclphysa.2005.03.085},
	collaboration = {STAR},
	eprint       = {nucl-ex/0501009},
	archiveprefix = {arXiv},
	primaryclass = {nucl-ex},
	slaccitation = {%%CITATION = NUCL-EX/0501009;%%}
}
@article{Adcox:2004mh,
	title        = {{Formation of dense partonic matter in relativistic nucleus-nucleus collisions at RHIC: Experimental evaluation by the PHENIX collaboration}},
	author       = {Adcox, K. and others},
	year         = 2005,
	journal      = {Nucl. Phys.},
	volume       = {A757},
	pages        = {184--283},
	doi          = {10.1016/j.nuclphysa.2005.03.086},
	collaboration = {PHENIX},
	eprint       = {nucl-ex/0410003},
	archiveprefix = {arXiv},
	primaryclass = {nucl-ex},
	slaccitation = {%%CITATION = NUCL-EX/0410003;%%}
}
@article{Arsene:2004fa,
	title        = {{Quark gluon plasma and color glass condensate at RHIC? The Perspective from the BRAHMS experiment}},
	author       = {Arsene, I. and others},
	year         = 2005,
	journal      = {Nucl. Phys.},
	volume       = {A757},
	pages        = {1--27},
	doi          = {10.1016/j.nuclphysa.2005.02.130},
	collaboration = {BRAHMS},
	eprint       = {nucl-ex/0410020},
	archiveprefix = {arXiv},
	primaryclass = {nucl-ex},
	slaccitation = {%%CITATION = NUCL-EX/0410020;%%}
}
@article{Back:2004je,
	title        = {{The PHOBOS perspective on discoveries at RHIC}},
	author       = {Back, B. B. and others},
	year         = 2005,
	journal      = {Nucl. Phys.},
	volume       = {A757},
	pages        = {28--101},
	doi          = {10.1016/j.nuclphysa.2005.03.084},
	collaboration = {PHOBOS},
	eprint       = {nucl-ex/0410022},
	archiveprefix = {arXiv},
	primaryclass = {nucl-ex},
	slaccitation = {%%CITATION = NUCL-EX/0410022;%%}
}




@Article{Bernhard2019,
author={Bernhard, Jonah E. and Moreland, J. Scott and Bass, Steffen A.},
title={Bayesian estimation of the specific shear and bulk viscosity of quark-gluon plasma},
journal={Nature Physics},
year={2019},
abstract={Ultrarelativistic collisions of heavy atomic nuclei produce an extremely hot and dense phase of matter, known as quark-gluon plasma (QGP), which behaves like a near-perfect fluid with the smallest specific shear viscosity--the ratio of the shear viscosity to the entropy density--of any known substance1. Due to its transience (lifetime {\textasciitilde} 10-23 s) and microscopic size (10-14 m), the QGP cannot be observed directly, but only through the particles it emits; however, its characteristics can be inferred by matching the output of computational collision models to experimental observations. Previous work, using viscous relativistic hydrodynamics to simulate QGP, has achieved semiquantitative constraints on key physical properties, such as its specific shear and bulk viscosity, but with large, poorly defined uncertainties2-8. Here, we present the most precise estimates so far of QGP properties, including their quantitative uncertainties. By applying established Bayesian parameter estimation methods9 to a dynamical collision model and a wide variety of experimental data, we extract estimates of the temperature-dependent specific shear and bulk viscosity simultaneously with related initial-condition properties. The method is extensible to other collision models and experimental data and may be used to characterize additional aspects of high-energy nuclear collisions.},
issn={1745-2481},
doi={10.1038/s41567-019-0611-8},
url={https://doi.org/10.1038/s41567-019-0611-8}
}


@article{Bernhard:2016tnd,
      author         = "Bernhard, Jonah E. and Moreland, J. Scott and Bass,
                        Steffen A. and Liu, Jia and Heinz, Ulrich",
      title          = "{Applying Bayesian parameter estimation to relativistic
                        heavy-ion collisions: simultaneous characterization of the
                        initial state and quark-gluon plasma medium}",
      journal        = "Phys. Rev.",
      volume         = "C94",
      year           = "2016",
      number         = "2",
      pages          = "024907",
      doi            = "10.1103/PhysRevC.94.024907",
      eprint         = "1605.03954",
      archivePrefix  = "arXiv",
      primaryClass   = "nucl-th",
      SLACcitation   = "%%CITATION = ARXIV:1605.03954;%%"
}



@article{Parkkila:2021tqq,
    author = "Parkkila, J. E. and Onnerstad, A. and Kim, D. J.",
    title = "{Bayesian estimation of the specific shear and bulk viscosity of the quark-gluon plasma with additional flow harmonic observables}",
    eprint = "2106.05019",
    archivePrefix = "arXiv",
    primaryClass = "hep-ph",
    journal = {Phys. Rev. C},
    volume = {104},
    issue = {5},
    pages = {054904},
    numpages = {12},
    year = {2021},
    month = {Nov},
    publisher = {American Physical Society},
    doi = {10.1103/PhysRevC.104.054904},
    url = {https://link.aps.org/doi/10.1103/PhysRevC.104.054904}
}
@article{Parkkila:2021yha,
    author = "Parkkila, J. E. and Onnerstad, A. and Taghavi, S. F. and Mordasini, C. and Bilandzic, A. and Virta, M. and Kim, D. J.",
    title = "{New constraints for QCD matter from improved Bayesian parameter estimation in heavy-ion collisions at LHC}",
    eprint = "2111.08145",
    archivePrefix = "arXiv",
    primaryClass = "hep-ph",
    doi = "10.1016/j.physletb.2022.137485",
    journal = "Phys. Lett. B",
    volume = "835",
    pages = "137485",
    year = "2022"
}
@misc{Virta:2024avu,
    author = "Virta, Maxim and Parkkila, Jasper and Kim, Dong Jo",
    title = "{Enhancing Bayesian parameter estimation by adapting to multiple energy scales in RHIC and LHC heavy-ion collisions}",
    eprint = "2411.01932",
    archivePrefix = "arXiv",
    primaryClass = "hep-ph",
    howpublished = "arXiv:2411.01932 [hep-ph]",
    month = "11",
    year = "2024"
}



@article{JETSCAPE:2020mzn,
    author = "Everett, D. and others",
    collaboration = "JETSCAPE",
    title = "{Multisystem Bayesian constraints on the transport coefficients of QCD matter}",
    eprint = "2011.01430",
    archivePrefix = "arXiv",
    primaryClass = "hep-ph",
    doi = "10.1103/PhysRevC.103.054904",
    journal = "Phys. Rev. C",
    volume = "103",
    number = "5",
    pages = "054904",
    year = "2021"
}

@article{Nijs:2020roc,
    author = {Nijs, Govert and van der Schee, Wilke and G\"ursoy, Umut and Snellings, Raimond},
    title = "{Bayesian analysis of heavy ion collisions with the heavy ion computational framework Trajectum}",
    eprint = "2010.15134",
    archivePrefix = "arXiv",
    primaryClass = "nucl-th",
    reportNumber = "CERN-TH-2020-175, MIT-CTP/5251",
    doi = "10.1103/PhysRevC.103.054909",
    journal = "Phys. Rev. C",
    volume = "103",
    number = "5",
    pages = "054909",
    year = "2021"
}





